<record><leader>00000cas a2200000 a 4500</leader><controlfield tag="001">70787190</controlfield><controlfield tag="006">m     o  d        </controlfield><controlfield tag="007">cr anu||||||||</controlfield><controlfield tag="008">060731d18461901nyuwr nso     0    0eng c</controlfield><datafield ind1=" " ind2=" " tag="010"><subfield code="a">  2007233816</subfield></datafield><datafield ind1=" " ind2=" " tag="040"><subfield code="a">APSON</subfield><subfield code="b">eng</subfield><subfield code="c">APSON</subfield><subfield code="d">APSON</subfield><subfield code="d">GUA</subfield><subfield code="d">OCLCQ</subfield><subfield code="d">OCLCF</subfield></datafield><datafield ind1=" " ind2=" " tag="042"><subfield code="a">pcc</subfield></datafield><datafield ind1=" " ind2=" " tag="043"><subfield code="a">n-us-ny</subfield></datafield><datafield ind1="1" ind2="4" tag="050"><subfield code="a">AP2</subfield></datafield><datafield ind1="0" ind2=" " tag="130"><subfield code="a">Home journal (New York, N.Y. : Online)</subfield></datafield><datafield ind1="1" ind2="4" tag="245"><subfield code="a">The home journal</subfield><subfield code="h">[electronic resource].</subfield></datafield><datafield ind1=" " ind2=" " tag="260"><subfield code="a">New-York :</subfield><subfield code="b">Morris &amp; Willis,</subfield><subfield code="c">1846-</subfield></datafield><datafield ind1=" " ind2=" " tag="310"><subfield code="a">Weekly</subfield></datafield><datafield ind1="0" ind2=" " tag="362"><subfield code="a">New ser., no. 1 (Nov. 21, 1846)- = whole no. 41-</subfield></datafield><datafield ind1="1" ind2=" " tag="362"><subfield code="a">Ceased with: Mar. 23, 1901.</subfield></datafield><datafield ind1=" " ind2=" " tag="500"><subfield code="a">Title from pdf caption (ProQuest APS Online, viewed Nov. 13, 2007).</subfield></datafield><datafield ind1=" " ind2=" " tag="530"><subfield code="a">Also issued in print and on microfilm.</subfield></datafield><datafield ind1=" " ind2=" " tag="538"><subfield code="a">Mode of access: World Wide Web.</subfield></datafield><datafield ind1=" " ind2=" " tag="588"><subfield code="a">Latest issue consulted: Whole no. 568 (Dec. 27, 1856), viewed Nov. 13, 2007.</subfield></datafield><datafield ind1=" " ind2="0" tag="651"><subfield code="a">New York (N.Y.)</subfield><subfield code="v">Newspapers.</subfield></datafield><datafield ind1=" " ind2="0" tag="651"><subfield code="a">New York County (N.Y.)</subfield><subfield code="v">Newspapers.</subfield></datafield><datafield ind1=" " ind2="7" tag="655"><subfield code="a">Newspapers.</subfield><subfield code="2">fast</subfield><subfield code="0">(OCoLC)fst01423814</subfield></datafield><datafield ind1=" " ind2="7" tag="651"><subfield code="a">New York (State)</subfield><subfield code="z">New York.</subfield><subfield code="2">fast</subfield><subfield code="0">(OCoLC)fst01204333</subfield></datafield><datafield ind1=" " ind2="7" tag="651"><subfield code="a">New York (State)</subfield><subfield code="z">New York County.</subfield><subfield code="2">fast</subfield><subfield code="0">(OCoLC)fst01234953</subfield></datafield><datafield ind1=" " ind2=" " tag="752"><subfield code="a">United States</subfield><subfield code="b">New York</subfield><subfield code="c">New York</subfield><subfield code="d">New York.</subfield></datafield><datafield ind1="1" ind2=" " tag="776"><subfield code="t">Home journal (New York, N.Y.)</subfield><subfield code="w">(DLC)sn 83030582</subfield><subfield code="w">(OCoLC)9632694</subfield></datafield><datafield ind1="0" ind2="0" tag="780"><subfield code="t">Morris's national press (Online)</subfield><subfield code="w">(DLC)  2007233817</subfield><subfield code="w">(OCoLC)70787215</subfield></datafield><datafield ind1="0" ind2="0" tag="785"><subfield code="t">Town &amp; country (New York, N.Y. : Online)</subfield><subfield code="w">(DLC)  2006255210</subfield><subfield code="w">(OCoLC)51785002</subfield></datafield><datafield ind1="4" ind2="0" tag="856"><subfield code="u">http://proquest.umi.com/pdqweb</subfield></datafield></record>